@article{langendoen2014assignment,
    author = {Koen Langendoen and Arjan J.C. van Gemund},
    title = {In4073 Lab Assignment 2013-2014},
   % journal = {Journal of Artificial Intelligence Research},
    year = {2014},
    %volume = {14},
   % pages = {2001}
}

@inproceedings{teichteil2010incremental,
  title={Incremental plan aggregation for generating policies in MDPs},
  author={Teichteil-K{\"o}nigsbuch, Florent and Kuter, Ugur and Infantes, Guillaume},
  booktitle={Proceedings of the 9th International Conference on Autonomous Agents and Multiagent Systems: volume 1-Volume 1},
  pages={1231--1238},
  year={2010},
  organization={International Foundation for Autonomous Agents and Multiagent Systems}
}



@misc{sanner2011traffic,
    author    = "S. Sanner",
    title     = "Traffic Crossing MDP",
    year     = "2011",
   url = "http://code.google.com/p/rddlsim/source/browse/trunk/files/final_comp/rddl_domains/traffic_mdp.rddl"
}


